@Article{PINNreview,
  author    = {Karniadakis, George Em and Kevrekidis, Ioannis G. and Lu, Lu and Perdikaris, Paris and Wang, Sifan and Yang, Liu},
  journal   = {Nature Reviews Physics},
  title     = {Physics-informed machine learning},
  year      = {2021},
  issn      = {2522-5820},
  month     = may,
  number    = {6},
  pages     = {422--440},
  volume    = {3},
  doi       = {10.1038/s42254-021-00314-5},
  publisher = {Springer Science and Business Media LLC},
}

@Article{LGNN,
  author    = {Bhattoo, Ravinder and Ranu, Sayan and Krishnan, N M Anoop},
  journal   = {Machine Learning: Science and Technology},
  title     = {Learning the dynamics of particle-based systems with Lagrangian graph neural networks},
  year      = {2023},
  issn      = {2632-2153},
  month     = jan,
  number    = {1},
  pages     = {015003},
  volume    = {4},
  doi       = {10.1088/2632-2153/acb03e},
  publisher = {IOP Publishing},
}

@Article{Fluid-LNN,
  author    = {Wessels, Henning and Weißenfels, Christian and Wriggers, Peter},
  journal   = {Computer Methods in Applied Mechanics and Engineering},
  title     = {The neural particle method – An updated Lagrangian physics informed neural network for computational fluid dynamics},
  year      = {2020},
  issn      = {0045-7825},
  month     = aug,
  pages     = {113127},
  volume    = {368},
  doi       = {10.1016/j.cma.2020.113127},
  publisher = {Elsevier BV},
}

@Misc{Deconstruct-HNN,
  author    = {Gruver, Nate and Finzi, Marc and Stanton, Samuel and Wilson, Andrew Gordon},
  title     = {Deconstructing the Inductive Biases of Hamiltonian Neural Networks},
  year      = {2022},
  copyright = {Creative Commons Attribution 4.0 International},
  doi       = {10.48550/ARXIV.2202.04836},
  keywords  = {Machine Learning (cs.LG), Dynamical Systems (math.DS), Data Analysis, Statistics and Probability (physics.data-an), Machine Learning (stat.ML), FOS: Computer and information sciences, FOS: Computer and information sciences, FOS: Mathematics, FOS: Mathematics, FOS: Physical sciences, FOS: Physical sciences},
  publisher = {arXiv},
}

@Article{MTCSreview,
  author    = {Ruiz, Alejandro Pasos and Flynn, Michael and Large, James and Middlehurst, Matthew and Bagnall, Anthony},
  journal   = {Data Mining and Knowledge Discovery},
  title     = {The great multivariate time series classification bake off: a review and experimental evaluation of recent algorithmic advances},
  year      = {2020},
  issn      = {1573-756X},
  month     = dec,
  number    = {2},
  pages     = {401--449},
  volume    = {35},
  doi       = {10.1007/s10618-020-00727-3},
  publisher = {Springer Science and Business Media LLC},
}

@Article{MTCSindustrial,
  author    = {Rahman, Md Mushfiqur and Farahani, Mojtaba Askarzadeh and Wuest, Thorsten},
  journal   = {Journal of Manufacturing and Materials Processing},
  title     = {Multivariate Time-Series Classification of Critical Events from Industrial Drying Hopper Operations: A Deep Learning Approach},
  year      = {2023},
  issn      = {2504-4494},
  month     = sep,
  number    = {5},
  pages     = {164},
  volume    = {7},
  doi       = {10.3390/jmmp7050164},
  publisher = {MDPI AG},
}

@InProceedings{MTCSactivity,
  author    = {Seto, Skyler and Zhang, Wenyu and Zhou, Yichen},
  booktitle = {2015 IEEE Symposium Series on Computational Intelligence},
  title     = {Multivariate Time Series Classification Using Dynamic Time Warping Template Selection for Human Activity Recognition},
  year      = {2015},
  month     = dec,
  publisher = {IEEE},
  doi       = {10.1109/ssci.2015.199},
}

@Article{TCSreview,
  author    = {Ismail Fawaz, Hassan and Forestier, Germain and Weber, Jonathan and Idoumghar, Lhassane and Muller, Pierre-Alain},
  journal   = {Data Mining and Knowledge Discovery},
  title     = {Deep learning for time series classification: a review},
  year      = {2019},
  issn      = {1573-756X},
  month     = mar,
  number    = {4},
  pages     = {917--963},
  volume    = {33},
  doi       = {10.1007/s10618-019-00619-1},
  publisher = {Springer Science and Business Media LLC},
}

@Article{ROCKET,
  author    = {Dempster, Angus and Petitjean, François and Webb, Geoffrey I.},
  journal   = {Data Mining and Knowledge Discovery},
  title     = {ROCKET: exceptionally fast and accurate time series classification using random convolutional kernels},
  year      = {2020},
  issn      = {1573-756X},
  month     = jul,
  number    = {5},
  pages     = {1454--1495},
  volume    = {34},
  doi       = {10.1007/s10618-020-00701-z},
  publisher = {Springer Science and Business Media LLC},
}

@Article{HNNreduce,
  author    = {Gruber, Anthony and Tezaur, Irina},
  journal   = {Computer Methods in Applied Mechanics and Engineering},
  title     = {Canonical and noncanonical Hamiltonian operator inference},
  year      = {2023},
  issn      = {0045-7825},
  month     = nov,
  pages     = {116334},
  volume    = {416},
  doi       = {10.1016/j.cma.2023.116334},
  publisher = {Elsevier BV},
}

@Article{HNNadapt,
  author    = {Han, Chen-Di and Glaz, Bryan and Haile, Mulugeta and Lai, Ying-Cheng},
  journal   = {Physical Review Research},
  title     = {Adaptable Hamiltonian neural networks},
  year      = {2021},
  issn      = {2643-1564},
  month     = may,
  number    = {2},
  pages     = {023156},
  volume    = {3},
  doi       = {10.1103/physrevresearch.3.023156},
  publisher = {American Physical Society (APS)},
}

@Article{HNNrobustclass,
  author    = {Zakwan, Muhammad and Xu, Liang and Ferrari-Trecate, Giancarlo},
  journal   = {IEEE Control Systems Letters},
  title     = {Robust Classification Using Contractive Hamiltonian Neural ODEs},
  year      = {2023},
  issn      = {2475-1456},
  pages     = {145--150},
  volume    = {7},
  doi       = {10.1109/lcsys.2022.3186959},
  publisher = {Institute of Electrical and Electronics Engineers (IEEE)},
}

@Misc{PINNsoundwave,
  author    = {Olivieri, Marco and Karakonstantis, Xenofon and Pezzoli, Mirco and Antonacci, Fabio and Sarti, Augusto and Fernandez-Grande, Efren},
  title     = {Physics-Informed Neural Network for Volumetric Sound field Reconstruction of Speech Signals},
  year      = {2024},
  copyright = {Creative Commons Attribution 4.0 International},
  doi       = {10.48550/ARXIV.2403.09524},
  keywords  = {Audio and Speech Processing (eess.AS), FOS: Electrical engineering, electronic engineering, information engineering, FOS: Electrical engineering, electronic engineering, information engineering},
  publisher = {arXiv},
}

@Misc{quantumHNN,
  author    = {Tucker, Kris and Rege, Amit Kiran and Smith, Conor and Monteleoni, Claire and Albash, Tameem},
  title     = {Hamiltonian Learning using Machine Learning Models Trained with Continuous Measurements},
  year      = {2024},
  copyright = {Creative Commons Attribution 4.0 International},
  doi       = {10.48550/ARXIV.2404.05526},
  keywords  = {Quantum Physics (quant-ph), FOS: Physical sciences, FOS: Physical sciences},
  publisher = {arXiv},
}

@Misc{misc_pamap2_physical_activity_monitoring_231,
  author    = {Reiss, Attila},
  title     = {PAMAP2 Physical Activity Monitoring},
  year      = {2012},
  doi       = {10.24432/C5NW2H},
  publisher = {UCI Machine Learning Repository},
}

@Article{HNNnonvangrad,
  author    = {Galimberti, Clara Lucía and Furieri, Luca and Xu, Liang and Ferrari-Trecate, Giancarlo},
  journal   = {IEEE Transactions on Automatic Control},
  title     = {Hamiltonian Deep Neural Networks Guaranteeing Nonvanishing Gradients by Design},
  year      = {2023},
  issn      = {2334-3303},
  month     = may,
  number    = {5},
  pages     = {3155--3162},
  volume    = {68},
  doi       = {10.1109/tac.2023.3239430},
  publisher = {Institute of Electrical and Electronics Engineers (IEEE)},
}

@InProceedings{article,
  author    = {Miles Cranmer and Sam Greydanus and Stephan Hoyer and Peter Battaglia and David Spergel and Shirley Ho},
  booktitle = {ICLR 2020 Workshop on Integration of Deep Neural Models and Differential Equations},
  title     = {Lagrangian Neural Networks},
  year      = {2019},
  url       = {https://openreview.net/forum?id=iE8tFa4Nq},
}

@InProceedings{HNN,
  author    = {Greydanus, Samuel and Dzamba, Misko and Yosinski, Jason},
  booktitle = {Advances in Neural Information Processing Systems},
  title     = {Hamiltonian Neural Networks},
  year      = {2019},
  editor    = {H. Wallach and H. Larochelle and A. Beygelzimer and F. d\textquotesingle Alch\'{e}-Buc and E. Fox and R. Garnett},
  volume    = {32},
  url       ={https://proceedings.neurips.cc/paper_files/paper/2019/file/26cd8ecadce0d4efd6cc8a8725cbd1f8-Paper.pdf},
}

@Comment{jabref-meta: databaseType:bibtex;}
