%% Journal article
@article{PINNreview,
  title={Physics-informed machine learning},
  author={Karniadakis, George Em and Kevrekidis, Ioannis G and Lu, Lu and Perdikaris, Paris and Wang, Sifan and Yang, Liu},
  journal={Nature Reviews Physics},
  volume={3},
  number={6},
  pages={422--440},
  year={2021},
  publisher={Nature Publishing Group},
  doi = {10.1038/s42254-021-00314-5}
}

%% Journal article with DOI
@article{LGNN,
  title={Learning the dynamics of particle-based systems with Lagrangian graph neural networks},
  author={Bhattoo, Ravinder and Ranu, Sayan and Krishnan, NM Anoop},
  journal={Machine Learning: Science and Technology},
  volume={4},
  number={1},
  pages={015003},
  year={2023},
  publisher={IOP Publishing},
  doi = {10.1088/2632-2153/acb03e}
}

%% Journal article
@article{Fluid-LNN,
  title={The neural particle method--an updated Lagrangian physics informed neural network for computational fluid dynamics},
  author={Wessels, Henning and Wei{\ss}enfels, Christian and Wriggers, Peter},
  journal={Computer Methods in Applied Mechanics and Engineering},
  volume={368},
  pages={113127},
  year={2020},
  publisher={Elsevier},
  issn = {0045-7825},
  doi = {10.1016/j.cma.2020.113127}
}


@article{Deconstruct-HNN,
  title={Deconstructing the inductive biases of hamiltonian neural networks},
  author={Gruver, Nate and Finzi, Marc and Stanton, Samuel and Wilson, Andrew Gordon},
  year={2022},
  note			= "Paper presented at the tenth International Conference on Learning Representations, 
					25--29 April 2022",
  doi = {10.48550/arXiv.2202.04836}
}

@article{MTCSreview,
  title={The great multivariate time series classification bake off: a review and experimental evaluation of recent algorithmic advances},
  author={Ruiz, Alejandro Pasos and Flynn, Michael and Large, James and Middlehurst, Matthew and Bagnall, Anthony},
  journal={Data Mining and Knowledge Discovery},
  volume={35},
  number={2},
  pages={401--449},
  year={2021},
  publisher={Springer},
  doi = {10.1007/s10618-020-00727-3}
}

%% Item 8. Book, chapter
@article{MTCSindustrial,
  title={Multivariate Time-Series Classification of Critical Events from Industrial Drying Hopper Operations: A Deep Learning Approach},
  author={Rahman, Md Mushfiqur and Farahani, Mojtaba Askarzadeh and Wuest, Thorsten},
  journal={Journal of Manufacturing and Materials Processing},
  volume={7},
  number={5},
  pages={164},
  year={2023},
  publisher={MDPI},
  doi = {10.3390/jmmp7050164}
}

%% Book, edited
@book{MTCSactivity,
  title={Multivariate time series classification using dynamic time warping template selection for human activity recognition},
  author={Seto, Skyler and Zhang, Wenyu and Zhou, Yichen},
  booktitle={2015 IEEE symposium series on computational intelligence},
  pages={1399--1406},
  year={2015},
  organization={IEEE},
  doi={10.1109/SSCI.2015.199}
}

%% Paper presented at a conference
@misc{article,
  author="Cranmer, Miles and Greydanus, Sam and Hoyer, Stephan and Battaglia, Peter and Spergel, David and Ho, Shirley",
  title= "Lagrangian Neural Networks",
  year="2020",
  note=" Published in ICLR 2020 Deep Differential Equations Workshop",
  doi = {10.48550/arXiv.2003.04630}
}

%% Data citation example
@article{TCSreview,
  title={Deep learning for time series classification: a review},
  author={Ismail Fawaz, Hassan and Forestier, Germain and Weber, Jonathan and Idoumghar, Lhassane and Muller, Pierre-Alain},
  journal={Data mining and knowledge discovery},
  volume={33},
  number={4},
  pages={917--963},
  year={2019},
  publisher={Springer},
  doi={10.1007/s10618-019-00619-1}
}

%% Preprint citation example
@article{ROCKET, 
  title={ROCKET: exceptionally fast and accurate time series classification using random convolutional kernels},
  author={Dempster, Angus and Petitjean, Fran{\c{c}}ois and Webb, Geoffrey I},
  journal={Data Mining and Knowledge Discovery},
  volume={34},
  number={5},
  pages={1454--1495},
  year={2020},
  publisher={Springer},
  doi={10.1007/s10618-020-00701-z}
}

@article{HNNreduce,
  title={Canonical and noncanonical Hamiltonian operator inference},
  author={Gruber, Anthony and Tezaur, Irina},
  journal={Computer Methods in Applied Mechanics and Engineering},
  volume={416},
  pages={116334},
  year={2023},
  publisher={Elsevier},
  doi={10.1016/j.cma.2023.116334}
}

@softmisc{HNNadapt,
  title={Adaptable Hamiltonian neural networks},
  author={Han, Chen-Di and Glaz, Bryan and Haile, Mulugeta and Lai, Ying-Cheng},
  journal={Physical Review Research},
  volume={3},
  number={2},
  pages={023156},
  year={2021},
  publisher={APS},
  doi={10.1103/PhysRevResearch.3.023156}
}

@article{HNNrobustclass,
  title={Robust classification using contractive Hamiltonian neural ODEs},
  author={Zakwan, Muhammad and Xu, Liang and Ferrari-Trecate, Giancarlo},
  journal={IEEE Control Systems Letters},
  volume={7},
  pages={145--150},
  year={2022},
  publisher={IEEE},
  doi={10.1109/LCSYS.2022.3186959}
}

@article{PINNsoundwave,
  title={Physics-Informed Neural Network for Volumetric Sound field Reconstruction of Speech Signals},
  author={Olivieri, Marco and Karakonstantis, Xenofon and Pezzoli, Mirco and Antonacci, Fabio and Sarti, Augusto and Fernandez-Grande, Efren},
  journal={arXiv preprint arXiv:2403.09524},
  year={2024},
  doi={https://doi.org/10.48550/arXiv.2403.09524}
}

@article{HNN,
  title={Hamiltonian neural networks},
  author={Greydanus, Samuel and Dzamba, Misko and Yosinski, Jason},
  journal={Advances in neural information processing systems},
  volume={32},
  year={2019}
}

@article{quantumHNN,
  title={Hamiltonian Learning using Machine Learning Models Trained with Continuous Measurements},
  author={Tucker, Kris and Rege, Amit Kiran and Smith, Conor and Monteleoni, Claire and Albash, Tameem},
  journal={arXiv preprint arXiv:2404.05526},
  year={2024},
  doi={10.48550/arXiv.2404.05526}
}

@misc{misc_pamap2_physical_activity_monitoring_231,
  author       = {Reiss,Attila},
  title        = {{PAMAP2 Physical Activity Monitoring}},
  year         = {2012},
  howpublished = {UCI Machine Learning Repository},
  doi         = {/10.24432/C5NW2H}
}

@misc{HNNnonvangrad,
  author={Galimberti, Clara Luc√≠a and Furieri, Luca and Xu, Liang and Ferrari-Trecate, Giancarlo},
  journal={IEEE Transactions on Automatic Control}, 
  title={Hamiltonian Deep Neural Networks Guaranteeing Nonvanishing Gradients by Design}, 
  year={2023},
  volume={68},
  number={5},
  pages={3155-3162},
  keywords={Computer architecture;Neural networks;Mathematical models;Training;Iron;Deep learning;Benchmark testing;Deep neural networks (DNNs);Hamiltonian systems;ordinary differential equations (ODE) discretization},
  doi={10.1109/TAC.2023.3239430}}


%%============================================================================%%
%% while using chicago reference style, both abbreviated and expanded form of %%
%% author name format is acceptable. Refer below example for expanded form    %%
%%============================================================================%%

%%  author		= "{Cameron, Deborah}", - single author
%%  author		= "{Saito, Yukio} and {Hyuga, Hiroyuki}", - double author 

%%======================================%%
%% Example for author names with suffix %%
%%======================================%%

%%  author		= "{Price, R. A. Jr} and {Curry, N. {III}} and McCann, K. E. and 
%%					Fielding, J. L. and {Abercrombie, E. Jr}",
